%! Author = user
%! Date = 13.08.2022

